% This file was created with JabRef 2.10.
% Encoding: UTF-8


@Misc{tdd,
  Title                    = {The Three Rules Of Tdd},

  Author                   = {Robert Martin},
  HowPublished             = {\url{http://butunclebob.com/ArticleS.UncleBob.TheThreeRulesOfTdd}},
  Month                    = {Oct},
  Year                     = {2005},

  Owner                    = {jck},
  Timestamp                = {2014.05.29}
}

@Misc{py2,
  Title                    = {The Python Language Reference},

  Author                   = {{Python Software Foundation}},
  HowPublished             = {\url{https://docs.python.org/2/reference/]}},
  Month                    = {May},
  Year                     = {2014},

  Owner                    = {jck},
  Timestamp                = {2014.05.29}
}

@book{parr2010,
  Author = {Terence Parr},
  Title = {Language Implementation Patterns: Create Your Own Domain-Specific and General Programming Languages (Pragmatic Programmers)},
  Publisher = {Pragmatic Bookshelf},
  Year = {2010},
  ISBN = {193435645X},
  URL = {http://www.amazon.com/Language-Implementation-Patterns-Domain-Specific-Programming/dp/193435645X%3FSubscriptionId%3D0JYN1NVW651KCA56C102%26tag%3Dtechkie-20%26linkCode%3Dxm2%26camp%3D2025%26creative%3D165953%26creativeASIN%3D193435645X}
}

